/usr/users/noda/text/bib/main.bib